<?xml version="1.0" encoding="UTF-8"?><record xmlns="http://www.loc.gov/MARC21/slim" xmlns:cinclude="http://apache.org/cocoon/include/1.0" xmlns:zs="http://www.loc.gov/zing/srw/">
  <leader>00385nz  a2200121n  4500</leader>
  <controlfield tag="001">n 2004018915</controlfield>
  <controlfield tag="003">DLC</controlfield>
  <controlfield tag="005">20041110105051.0</controlfield>
  <controlfield tag="008">041110n| acannaabn          |n ana      </controlfield>
  <datafield tag="010" ind1=" " ind2=" ">
    <subfield code="a">n 2004018915</subfield>
  </datafield>
  <datafield tag="040" ind1=" " ind2=" ">
    <subfield code="a">DLC</subfield>
    <subfield code="b">eng</subfield>
    <subfield code="c">DLC</subfield>
  </datafield>
  <datafield tag="110" ind1="2" ind2=" ">
    <subfield code="a">Stiftung Im Obersteg</subfield>
  </datafield>
  <datafield tag="670" ind1=" " ind2=" ">
    <subfield code="a">Die Sammlung Im Obersteg im Kunstmuseum Basel, c2004:</subfield>
    <subfield code="b">t.p. (Stiftung Im Obersteg) t.p. verso (Stiftung im Obersteg, Basel)</subfield>
  </datafield>
</record>